<record><leader>00000cas a22000007a 4500</leader><controlfield tag="001">9277222</controlfield><controlfield tag="008">830304d18361839mauwr ne      0    0eng d</controlfield><controlfield tag="009">3768</controlfield><datafield ind1=" " ind2=" " tag="010"><subfield code="a">sn 83020156 </subfield></datafield><datafield ind1=" " ind2=" " tag="040"><subfield code="a">NPX</subfield><subfield code="b">eng</subfield><subfield code="c">NPX</subfield><subfield code="d">NPU</subfield><subfield code="d">MGN</subfield><subfield code="d">OCLCQ</subfield><subfield code="d">OCLCG</subfield></datafield><datafield ind1=" " ind2=" " tag="042"><subfield code="a">msc</subfield></datafield><datafield ind1=" " ind2=" " tag="043"><subfield code="a">n-us-ma</subfield></datafield><datafield ind1="0" ind2="0" tag="245"><subfield code="a">Yarmouth register, and Barnstable County advertiser.</subfield></datafield><datafield ind1=" " ind2=" " tag="260"><subfield code="a">Yarmouth Port [Yarmouth], Mass. :</subfield><subfield code="b">N.S. Simpkins,</subfield></datafield><datafield ind1=" " ind2=" " tag="300"><subfield code="a">v. ;</subfield><subfield code="c">64 cm.</subfield></datafield><datafield ind1=" " ind2=" " tag="310"><subfield code="a">Weekly</subfield></datafield><datafield ind1="0" ind2=" " tag="362"><subfield code="a">Vol. 1, no. 1 (Dec. 15, 1836)-v. 3 no. 11 (Feb. 28, 1839).</subfield></datafield><datafield ind1=" " ind2=" " tag="500"><subfield code="a">"Whig."</subfield></datafield><datafield ind1=" " ind2=" " tag="500"><subfield code="a">Printers: Hallworth &amp; Lewis, 1836-June 22, 1837; Joseph L. Hallworth, June 29, 1837-Aug. 16, 1838; Manning &amp; Fisher, Aug. 23, 1838-1839.</subfield></datafield><datafield ind1=" " ind2=" " tag="500"><subfield code="a">Editor: Nathaniel S. Simpkins.</subfield></datafield><datafield ind1="1" ind2=" " tag="700"><subfield code="a">Simpkins, Nathaniel Stone,</subfield><subfield code="d">1798-1887.</subfield></datafield><datafield ind1=" " ind2=" " tag="752"><subfield code="a">United States</subfield><subfield code="b">Massachusetts</subfield><subfield code="c">Barnstable</subfield><subfield code="d">Yarmouth.</subfield></datafield><datafield ind1=" " ind2=" " tag="752"><subfield code="a">United States</subfield><subfield code="b">Massachusetts</subfield><subfield code="c">Barnstable</subfield><subfield code="d">Yarmouth Port.</subfield></datafield><datafield ind1="0" ind2="0" tag="785"><subfield code="t">Yarmouth register, &amp; Barnstable County weekly advertiser</subfield><subfield code="w">(DLC)sn 83020157</subfield></datafield></record>